<collection xmlns="http://www.loc.gov/MARC21/slim"><record><leader>00631nam  2200205   450</leader><controlfield tag="001">937</controlfield><controlfield tag="003">http://montalegre.opacnet.com/OPAC/default.aspx?ContentAreaControl=ShowRegHoldings.ascx&amp;RegNo=16662</controlfield><datafield tag="021" ind1=" " ind2=" "><subfield code="a">PT</subfield><subfield code="b">8359</subfield></datafield><datafield tag="095" ind1=" " ind2=" "><subfield code="a">PTBN00111833</subfield></datafield><datafield tag="100" ind1=" " ind2=" "><subfield code="a">19880520d1988    m  y0pory010305  ba</subfield></datafield><datafield tag="101" ind1="1" ind2=" "><subfield code="a">por</subfield><subfield code="c">eng</subfield></datafield><datafield tag="102" ind1=" " ind2=" "><subfield code="a">PT</subfield></datafield><datafield tag="200" ind1="1" ind2=" "><subfield code="a">Tim</subfield><subfield code="f">Colleen McCullough</subfield><subfield code="g">trad. Maria do Carmo Cary</subfield></datafield><datafield tag="205" ind1=" " ind2=" "><subfield code="a">3ª ed</subfield></datafield><datafield tag="210" ind1=" " ind2=" "><subfield code="a">Lisboa</subfield><subfield code="c">Difel</subfield><subfield code="d">D.L. 1988</subfield></datafield><datafield tag="215" ind1=" " ind2=" "><subfield code="a">252 p.</subfield><subfield code="d">23 cm</subfield></datafield><datafield tag="675" ind1=" " ind2=" "><subfield code="a">820(94)-31 MacCullough, Colleen</subfield><subfield code="v">BN</subfield><subfield code="z">por</subfield></datafield><datafield tag="700" ind1=" " ind2="1"><subfield code="a">MacCullough</subfield><subfield code="b">Colleen</subfield><subfield code="f">1937-</subfield></datafield><datafield tag="702" ind1=" " ind2="1"><subfield code="a">Cary</subfield><subfield code="b">Maria do Carmo</subfield><subfield code="4">730</subfield></datafield><datafield tag="801" ind1=" " ind2="0"><subfield code="a">PT</subfield><subfield code="b">Biblioteca Municipal de Montalegre</subfield><subfield code="g">RPC</subfield></datafield><datafield tag="909" ind1="&#9;" ind2=" "><subfield code="a">1</subfield></datafield><datafield tag="966" ind1=" " ind2=" "><subfield code="a">0015384</subfield><subfield code="l">BMM</subfield><subfield code="s">SCG 821 McC tim</subfield></datafield></record></collection>